<?xml version="1.0" encoding="UTF-8"?><collection xmlns="http://www.loc.gov/MARC21/slim"><record><leader>00394nam--2200121-i-4500</leader><controlfield tag="001">000016412</controlfield><controlfield tag="002">20161230</controlfield><controlfield tag="005">20161230201031</controlfield><controlfield tag="008">060222s1000------------r-----000-0-eng-d</controlfield><datafield ind1=" " ind2=" " tag="100"><subfield code="a">Seyerlein,Jurgen</subfield></datafield><datafield ind1=" " ind2=" " tag="245"><subfield code="a">Polarisation und winkelverteilung der rontgen bremastrahlung relativistischer elektronen in der nahe der grenzenergie.dissert</subfield></datafield><datafield ind1=" " ind2=" " tag="260"><subfield code="a">Wurzburg,Universiteit,1963. 34p</subfield></datafield><datafield ind1=" " ind2=" " tag="852"><subfield code="a">78210</subfield></datafield></record></collection>